<record xmlns="http://www.loc.gov/MARC21/slim" xmlns:xsi="http://www.w3.org/2001/XMLSchema-instance" xsi:schemaLocation="http://www.loc.gov/MARC21/slim http://www.loc.gov/standards/marcxml/schema/MARC21slim.xsd">

  <leader>01032nam a2200169   4500</leader>
  <datafield tag="999" ind2=" " ind1=" ">
    <subfield code="c">3401</subfield>
    <subfield code="d">3401</subfield>
  </datafield>
  <controlfield tag="008">170313b2016    cr ||||| |||| 00| | spa d</controlfield>
  <datafield ind1=" " ind2=" " tag="090">
    <subfield code="a">R 19.02.09</subfield>
    <subfield code="b">273</subfield>
  </datafield>
  <datafield ind2=" " ind1="2" tag="110">
    <subfield code="9">760</subfield>
    <subfield code="a">Instituto de Investigación en Educación</subfield>
  </datafield>
  <datafield tag="245" ind1=" " ind2=" ">
    <subfield code="a">Guía para elaborar propuestas de investigación y acción social /</subfield>
    <subfield code="c">Instituto de Investigación en Educación</subfield>
  </datafield>
  <datafield tag="260" ind1=" " ind2=" ">
    <subfield code="a">[San José, Costa Rica ] :</subfield>
    <subfield code="b">INIE,</subfield>
    <subfield code="c">[2016]</subfield>
  </datafield>
  <datafield ind1=" " ind2=" " tag="300">
    <subfield code="a">7 paginas;</subfield>
    <subfield code="b">1 folleto</subfield>
  </datafield>
  <datafield tag="520" ind2=" " ind1=" ">
    <subfield code="a">Este documento tiene como objetivo guiar al investigador durante el proceso de presentación de propuestas de investigación y acción social en el Instituto de Investigación en Educación (INIE).  Se pretende dar algunas ideas generales, que sirven de ejemplo en la formulación de propuestas de investigación.  Tomando en cuenta que cada proyecto responde a objetivos, metodologìas y antecedentes diferentes según el tema de estudio.</subfield>
  </datafield>
  <datafield tag="610" ind1="2" ind2="0">
    <subfield code="9">153</subfield>
    <subfield code="a">INSTITUTO DE INVESTIGACIÓN EN EDUCACIÓN</subfield>
  </datafield>
  <datafield ind2="4" ind1="1" tag="650">
    <subfield code="9">426</subfield>
    <subfield code="a">MANUALES </subfield>
  </datafield>
  <datafield tag="650" ind1="1" ind2="4">
    <subfield code="9">163</subfield>
    <subfield code="a">INVESTIGACIÓN</subfield>
  </datafield>
  <datafield tag="942" ind1=" " ind2=" ">
    <subfield code="2">z</subfield>
    <subfield code="c">01</subfield>
  </datafield>
</record>